@Misc{Praktikum,
    title = "Praktikumsanleitung",
    month = "Juli",
    year = "2016",
    url = "http://129.217.224.2/HOMEPAGE/Anleitung_FPMa.html"
}

@Misc{MAG,
    title = "Erdmagnetfeld",
    month = "Juli",
    year = "2016",
    url = "http://www.biosensor-physik.de/biosensor/erdmagnetfeld.htm"
}

@Misc{NUK,
    title = "Nuklidkarte",
    month = "Juli",
    year = "2016",
    url = "atom.kaeri.re.kr"
}
