@Misc{AP,
    title = "Praktikumsanleitung",
    month = "April",
    year = "2015",
    url = "http://129.217.224.2/HOMEPAGE/Anleitung_AP.html"
}

