@Misc{FP,
    title = "Praktikumsanleitung",
    month = "Oktober",
    year = "2016",
    url = "http://129.217.224.2/HOMEPAGE/Anleitung_FPMa.html"
}

@book{DEB,
	author={Charles Kittel},
	title={Introduction to solid state physics},
	year={1995},
	publisher={John Wiley and Sons},
}

