@Misc{FP,
    title = "Praktikumsanleitung",
    month = "Mai",
    year = "2016",
    url = "http://129.217.224.2/HOMEPAGE/Anleitung_FPMa.html"
}

@Misc{PDG,
    title = "PDG",
    month = "Mai",
    year = "2016",
    url = "http://pdg.lbl.gov/2015/reviews/rpp2015-rev-phys-constants.pdf"
}
