@Misc{AP,
    title = "Praktikumsanleitung",
    month = "Dezember",
    year = "2014",
    url = "http://129.217.224.2/HOMEPAGE/Anleitung_AP.html"
}

