@Misc{AP,
    title = "Praktikumsanleitung",
    month = "Juni",
    year = "2015",
    url = "http://129.217.224.2/HOMEPAGE/Anleitung_AP.html"
}

@Misc{Co60,
    title = "Zerfallschema von Co-60",
    month = "Juni",
    year = "2015",
    url = "http://www.nucleonica.net/wiki/images/thumb/5/54/Co60DS.png/393px-Co60DS.png"
}
